<?xml version="1.0" encoding="UTF-8"?><record xmlns="http://www.loc.gov/MARC21/slim" xmlns:cinclude="http://apache.org/cocoon/include/1.0" xmlns:zs="http://www.loc.gov/zing/srw/">
  <leader>00502cz  a2200157n  4500</leader>
  <controlfield tag="001">n 2003008580</controlfield>
  <controlfield tag="003">DLC</controlfield>
  <controlfield tag="005">20140320122934.0</controlfield>
  <controlfield tag="008">030414n| azannaabn          |a aaa      </controlfield>
  <datafield tag="010" ind1=" " ind2=" ">
    <subfield code="a">n 2003008580</subfield>
  </datafield>
  <datafield tag="040" ind1=" " ind2=" ">
    <subfield code="a">DLC</subfield>
    <subfield code="b">eng</subfield>
    <subfield code="e">rda</subfield>
    <subfield code="c">DLC</subfield>
    <subfield code="d">DLC</subfield>
  </datafield>
  <datafield tag="100" ind1="1" ind2=" ">
    <subfield code="a">La Marca, Giovanna Bellia</subfield>
  </datafield>
  <datafield tag="370" ind1=" " ind2=" ">
    <subfield code="a">Ragusa (Italy)</subfield>
    <subfield code="2">naf</subfield>
    <subfield code="v">Sicilian feasts, 2014 ECIP data view</subfield>
  </datafield>
  <datafield tag="375" ind1=" " ind2=" ">
    <subfield code="a">female</subfield>
  </datafield>
  <datafield tag="400" ind1="1" ind2=" ">
    <subfield code="a">Marca, Giovanna Bellia la</subfield>
  </datafield>
  <datafield tag="670" ind1=" " ind2=" ">
    <subfield code="a">La Marca, Giovanna Bellia. Sicilian feasts, 2003:</subfield>
    <subfield code="b">CIP t.p. (Giovanna Bellia La Marca)</subfield>
  </datafield>
</record>